%YAML 1.1
%TAG !u! tag:unity3d.com,2011:
--- !u!1001 &100100000
Prefab:
  m_ObjectHideFlags: 1
  serializedVersion: 2
  m_Modification:
    m_TransformParent: {fileID: 0}
    m_Modifications: []
    m_RemovedComponents: []
  m_ParentPrefab: {fileID: 0}
  m_RootGameObject: {fileID: 1513631234163516}
  m_IsPrefabParent: 1
--- !u!1 &1513631234163516
GameObject:
  m_ObjectHideFlags: 0
  m_PrefabParentObject: {fileID: 0}
  m_PrefabInternal: {fileID: 100100000}
  serializedVersion: 5
  m_Component:
  - component: {fileID: 4751650081414996}
  - component: {fileID: 135739982091924294}
  - component: {fileID: 54375347588097680}
  - component: {fileID: 114245353567630294}
  m_Layer: 13
  m_Name: Enemy Fireball
  m_TagString: Untagged
  m_Icon: {fileID: 0}
  m_NavMeshLayer: 0
  m_StaticEditorFlags: 0
  m_IsActive: 1
--- !u!1 &1846916397360400
GameObject:
  m_ObjectHideFlags: 0
  m_PrefabParentObject: {fileID: 0}
  m_PrefabInternal: {fileID: 100100000}
  serializedVersion: 5
  m_Component:
  - component: {fileID: 4669103532247668}
  - component: {fileID: 33920812891886442}
  - component: {fileID: 23801934070500116}
  - component: {fileID: 114878352102546032}
  m_Layer: 13
  m_Name: Quad
  m_TagString: Untagged
  m_Icon: {fileID: 0}
  m_NavMeshLayer: 0
  m_StaticEditorFlags: 0
  m_IsActive: 1
--- !u!4 &4669103532247668
Transform:
  m_ObjectHideFlags: 1
  m_PrefabParentObject: {fileID: 0}
  m_PrefabInternal: {fileID: 100100000}
  m_GameObject: {fileID: 1846916397360400}
  m_LocalRotation: {x: 0, y: 0, z: 0, w: 1}
  m_LocalPosition: {x: 0, y: 0, z: 0}
  m_LocalScale: {x: 1, y: 1, z: 1}
  m_Children: []
  m_Father: {fileID: 4751650081414996}
  m_RootOrder: 0
  m_LocalEulerAnglesHint: {x: 0, y: 0, z: 0}
--- !u!4 &4751650081414996
Transform:
  m_ObjectHideFlags: 1
  m_PrefabParentObject: {fileID: 0}
  m_PrefabInternal: {fileID: 100100000}
  m_GameObject: {fileID: 1513631234163516}
  m_LocalRotation: {x: 0, y: 0, z: 0, w: 1}
  m_LocalPosition: {x: 26.371223, y: -2.1249995, z: 13.00143}
  m_LocalScale: {x: 1.75, y: 1.75, z: 1.75}
  m_Children:
  - {fileID: 4669103532247668}
  m_Father: {fileID: 0}
  m_RootOrder: 0
  m_LocalEulerAnglesHint: {x: 0, y: 0, z: 0}
--- !u!23 &23801934070500116
MeshRenderer:
  m_ObjectHideFlags: 1
  m_PrefabParentObject: {fileID: 0}
  m_PrefabInternal: {fileID: 100100000}
  m_GameObject: {fileID: 1846916397360400}
  m_Enabled: 1
  m_CastShadows: 0
  m_ReceiveShadows: 1
  m_DynamicOccludee: 1
  m_MotionVectors: 1
  m_LightProbeUsage: 1
  m_ReflectionProbeUsage: 1
  m_Materials:
  - {fileID: 2100000, guid: 6b3793be79c2a594b85bf015e0c69f0c, type: 2}
  m_StaticBatchInfo:
    firstSubMesh: 0
    subMeshCount: 0
  m_StaticBatchRoot: {fileID: 0}
  m_ProbeAnchor: {fileID: 0}
  m_LightProbeVolumeOverride: {fileID: 0}
  m_ScaleInLightmap: 1
  m_PreserveUVs: 1
  m_IgnoreNormalsForChartDetection: 0
  m_ImportantGI: 0
  m_StitchLightmapSeams: 0
  m_SelectedEditorRenderState: 3
  m_MinimumChartSize: 4
  m_AutoUVMaxDistance: 0.5
  m_AutoUVMaxAngle: 89
  m_LightmapParameters: {fileID: 0}
  m_SortingLayerID: 0
  m_SortingLayer: 0
  m_SortingOrder: 0
--- !u!33 &33920812891886442
MeshFilter:
  m_ObjectHideFlags: 1
  m_PrefabParentObject: {fileID: 0}
  m_PrefabInternal: {fileID: 100100000}
  m_GameObject: {fileID: 1846916397360400}
  m_Mesh: {fileID: 10210, guid: 0000000000000000e000000000000000, type: 0}
--- !u!54 &54375347588097680
Rigidbody:
  m_ObjectHideFlags: 1
  m_PrefabParentObject: {fileID: 0}
  m_PrefabInternal: {fileID: 100100000}
  m_GameObject: {fileID: 1513631234163516}
  serializedVersion: 2
  m_Mass: 1
  m_Drag: 0
  m_AngularDrag: 0.05
  m_UseGravity: 1
  m_IsKinematic: 0
  m_Interpolate: 0
  m_Constraints: 0
  m_CollisionDetection: 0
--- !u!114 &114245353567630294
MonoBehaviour:
  m_ObjectHideFlags: 1
  m_PrefabParentObject: {fileID: 0}
  m_PrefabInternal: {fileID: 100100000}
  m_GameObject: {fileID: 1513631234163516}
  m_Enabled: 1
  m_EditorHideFlags: 0
  m_Script: {fileID: 11500000, guid: 99e9852213f933a4b822c330ff45ac45, type: 3}
  m_Name: 
  m_EditorClassIdentifier: 
--- !u!114 &114878352102546032
MonoBehaviour:
  m_ObjectHideFlags: 1
  m_PrefabParentObject: {fileID: 0}
  m_PrefabInternal: {fileID: 100100000}
  m_GameObject: {fileID: 1846916397360400}
  m_Enabled: 1
  m_EditorHideFlags: 0
  m_Script: {fileID: 11500000, guid: 07a948acd5915fd48aa05c5ce986f20d, type: 3}
  m_Name: 
  m_EditorClassIdentifier: 
  lockX: 0
  lockY: 0
  lockZ: 0
  textures:
  - {fileID: 2800000, guid: aa86014fd5763e243a04c76980137999, type: 3}
  - {fileID: 2800000, guid: 8c0904af419ab7948a6d21c6654d1773, type: 3}
  - {fileID: 2800000, guid: 91fb9b792b51323469b19e4681e97317, type: 3}
  - {fileID: 2800000, guid: 2437924554a12684cb15a96673c4d8ad, type: 3}
  - {fileID: 2800000, guid: 0d751ae101486414b97c4d927cdfe09d, type: 3}
  - {fileID: 2800000, guid: a3ce6ebeffbad9b479f79256a9ba16b3, type: 3}
  - {fileID: 2800000, guid: 262e306fa67ef4441b0fbe43095a8f9d, type: 3}
  - {fileID: 2800000, guid: cd7cc5cff8e85364c97ea3bc15eb36cf, type: 3}
  - {fileID: 2800000, guid: e0162581e5514be43abfb367dfe0b3a4, type: 3}
  - {fileID: 2800000, guid: 3b4cc402f5222a34aa98075d652aca84, type: 3}
  - {fileID: 2800000, guid: 6e1dd08e6a7a154449c0e6c29754dd2a, type: 3}
  - {fileID: 2800000, guid: 15068f9c39344d549aba0ca6e8c57276, type: 3}
  - {fileID: 2800000, guid: 7a4a9596179ee4a49af9cf8d79710640, type: 3}
  - {fileID: 2800000, guid: dfbc2e918a080994e84b83be3e18232f, type: 3}
  - {fileID: 2800000, guid: feb6a649a9a25fe47a022bae5e53a952, type: 3}
  - {fileID: 2800000, guid: 98289cb5bebfe154db87b34ed683145c, type: 3}
  - {fileID: 2800000, guid: 45b0ddc3a28ac2a4385253a8d82b463e, type: 3}
  - {fileID: 2800000, guid: f6f8f58de92aaca4eb4fc8d81ef2930f, type: 3}
  - {fileID: 2800000, guid: 1b8b14005d5e1a541897c3db991abcb7, type: 3}
  - {fileID: 2800000, guid: b49edc2ff411e7548bfda592961da432, type: 3}
  delayBetweenTextures: 0.025
--- !u!135 &135739982091924294
SphereCollider:
  m_ObjectHideFlags: 1
  m_PrefabParentObject: {fileID: 0}
  m_PrefabInternal: {fileID: 100100000}
  m_GameObject: {fileID: 1513631234163516}
  m_Material: {fileID: 0}
  m_IsTrigger: 0
  m_Enabled: 1
  serializedVersion: 2
  m_Radius: 0.25
  m_Center: {x: 0, y: 0, z: 0}
