%YAML 1.1
%TAG !u! tag:unity3d.com,2011:
--- !u!1001 &100100000
Prefab:
  m_ObjectHideFlags: 1
  serializedVersion: 2
  m_Modification:
    m_TransformParent: {fileID: 0}
    m_Modifications: []
    m_RemovedComponents: []
  m_ParentPrefab: {fileID: 0}
  m_RootGameObject: {fileID: 1539054196881284}
  m_IsPrefabParent: 1
--- !u!1 &1246727245913558
GameObject:
  m_ObjectHideFlags: 1
  m_PrefabParentObject: {fileID: 0}
  m_PrefabInternal: {fileID: 100100000}
  serializedVersion: 5
  m_Component:
  - component: {fileID: 4213965578285976}
  - component: {fileID: 137147425916811566}
  - component: {fileID: 259977498734320888}
  m_Layer: 12
  m_Name: Slime
  m_TagString: Untagged
  m_Icon: {fileID: 0}
  m_NavMeshLayer: 0
  m_StaticEditorFlags: 0
  m_IsActive: 1
--- !u!1 &1492972203310376
GameObject:
  m_ObjectHideFlags: 1
  m_PrefabParentObject: {fileID: 0}
  m_PrefabInternal: {fileID: 100100000}
  serializedVersion: 5
  m_Component:
  - component: {fileID: 4317466018734364}
  m_Layer: 12
  m_Name: Slime1
  m_TagString: Untagged
  m_Icon: {fileID: 0}
  m_NavMeshLayer: 0
  m_StaticEditorFlags: 0
  m_IsActive: 1
--- !u!1 &1539054196881284
GameObject:
  m_ObjectHideFlags: 0
  m_PrefabParentObject: {fileID: 0}
  m_PrefabInternal: {fileID: 100100000}
  serializedVersion: 5
  m_Component:
  - component: {fileID: 4204014622263994}
  - component: {fileID: 114873522780041480}
  m_Layer: 0
  m_Name: Slime
  m_TagString: Untagged
  m_Icon: {fileID: 0}
  m_NavMeshLayer: 0
  m_StaticEditorFlags: 0
  m_IsActive: 1
--- !u!1 &1632261684064486
GameObject:
  m_ObjectHideFlags: 1
  m_PrefabParentObject: {fileID: 0}
  m_PrefabInternal: {fileID: 100100000}
  serializedVersion: 5
  m_Component:
  - component: {fileID: 4243792350249296}
  m_Layer: 12
  m_Name: Slime2
  m_TagString: Untagged
  m_Icon: {fileID: 0}
  m_NavMeshLayer: 0
  m_StaticEditorFlags: 0
  m_IsActive: 1
--- !u!1 &1734156300897570
GameObject:
  m_ObjectHideFlags: 0
  m_PrefabParentObject: {fileID: 0}
  m_PrefabInternal: {fileID: 100100000}
  serializedVersion: 5
  m_Component:
  - component: {fileID: 4620538503964546}
  - component: {fileID: 95811362518939646}
  - component: {fileID: 54995816677118376}
  - component: {fileID: 136910107638195876}
  - component: {fileID: 114601661079092828}
  - component: {fileID: 114116116605356280}
  m_Layer: 12
  m_Name: SlimeObj
  m_TagString: Enemy
  m_Icon: {fileID: 0}
  m_NavMeshLayer: 0
  m_StaticEditorFlags: 0
  m_IsActive: 1
--- !u!1 &1933023724026054
GameObject:
  m_ObjectHideFlags: 1
  m_PrefabParentObject: {fileID: 0}
  m_PrefabInternal: {fileID: 100100000}
  serializedVersion: 5
  m_Component:
  - component: {fileID: 4387479353581760}
  m_Layer: 12
  m_Name: Armature
  m_TagString: Untagged
  m_Icon: {fileID: 0}
  m_NavMeshLayer: 0
  m_StaticEditorFlags: 0
  m_IsActive: 1
--- !u!4 &4204014622263994
Transform:
  m_ObjectHideFlags: 1
  m_PrefabParentObject: {fileID: 0}
  m_PrefabInternal: {fileID: 100100000}
  m_GameObject: {fileID: 1539054196881284}
  m_LocalRotation: {x: 0, y: 0, z: 0, w: 1}
  m_LocalPosition: {x: 30.921362, y: -5, z: -63.4}
  m_LocalScale: {x: 1, y: 1, z: 1}
  m_Children:
  - {fileID: 4620538503964546}
  m_Father: {fileID: 0}
  m_RootOrder: 0
  m_LocalEulerAnglesHint: {x: 0, y: 0, z: 0}
--- !u!4 &4213965578285976
Transform:
  m_ObjectHideFlags: 1
  m_PrefabParentObject: {fileID: 0}
  m_PrefabInternal: {fileID: 100100000}
  m_GameObject: {fileID: 1246727245913558}
  m_LocalRotation: {x: 0, y: -0, z: -0, w: 1}
  m_LocalPosition: {x: -0, y: 0, z: -1}
  m_LocalScale: {x: 1, y: 1, z: 1}
  m_Children: []
  m_Father: {fileID: 4620538503964546}
  m_RootOrder: 1
  m_LocalEulerAnglesHint: {x: 0, y: 0, z: 0}
--- !u!4 &4243792350249296
Transform:
  m_ObjectHideFlags: 1
  m_PrefabParentObject: {fileID: 0}
  m_PrefabInternal: {fileID: 100100000}
  m_GameObject: {fileID: 1632261684064486}
  m_LocalRotation: {x: 0.9935772, y: -0.000000046422606, z: -0.11315651, w: -0.00000013587375}
  m_LocalPosition: {x: -1.7, y: 0.00000012834644, z: 0}
  m_LocalScale: {x: 1.0000004, y: 1, z: 1}
  m_Children: []
  m_Father: {fileID: 4317466018734364}
  m_RootOrder: 0
  m_LocalEulerAnglesHint: {x: 0, y: 0, z: 0}
--- !u!4 &4317466018734364
Transform:
  m_ObjectHideFlags: 1
  m_PrefabParentObject: {fileID: 0}
  m_PrefabInternal: {fileID: 100100000}
  m_GameObject: {fileID: 1492972203310376}
  m_LocalRotation: {x: 0.7071068, y: 0.7071067, z: 0.00000009415697, w: 0.00000009415696}
  m_LocalPosition: {x: -0, y: 0.7, z: 0}
  m_LocalScale: {x: 0.99999976, y: 1, z: 1}
  m_Children:
  - {fileID: 4243792350249296}
  m_Father: {fileID: 4387479353581760}
  m_RootOrder: 0
  m_LocalEulerAnglesHint: {x: 0, y: 0, z: 0}
--- !u!4 &4387479353581760
Transform:
  m_ObjectHideFlags: 1
  m_PrefabParentObject: {fileID: 0}
  m_PrefabInternal: {fileID: 100100000}
  m_GameObject: {fileID: 1933023724026054}
  m_LocalRotation: {x: -0.7071068, y: 0, z: -0, w: 0.7071068}
  m_LocalPosition: {x: -0, y: 1, z: 0}
  m_LocalScale: {x: 1, y: 1, z: 1}
  m_Children:
  - {fileID: 4317466018734364}
  m_Father: {fileID: 4620538503964546}
  m_RootOrder: 0
  m_LocalEulerAnglesHint: {x: 0, y: 0, z: 0}
--- !u!4 &4620538503964546
Transform:
  m_ObjectHideFlags: 1
  m_PrefabParentObject: {fileID: 0}
  m_PrefabInternal: {fileID: 100100000}
  m_GameObject: {fileID: 1734156300897570}
  m_LocalRotation: {x: -0, y: -0, z: -0, w: 1}
  m_LocalPosition: {x: 0, y: 0, z: 0}
  m_LocalScale: {x: 1, y: 1, z: 1}
  m_Children:
  - {fileID: 4387479353581760}
  - {fileID: 4213965578285976}
  m_Father: {fileID: 4204014622263994}
  m_RootOrder: 0
  m_LocalEulerAnglesHint: {x: 0, y: 0, z: 0}
--- !u!54 &54995816677118376
Rigidbody:
  m_ObjectHideFlags: 1
  m_PrefabParentObject: {fileID: 0}
  m_PrefabInternal: {fileID: 100100000}
  m_GameObject: {fileID: 1734156300897570}
  serializedVersion: 2
  m_Mass: 1
  m_Drag: 0
  m_AngularDrag: 0.05
  m_UseGravity: 1
  m_IsKinematic: 0
  m_Interpolate: 0
  m_Constraints: 112
  m_CollisionDetection: 0
--- !u!95 &95811362518939646
Animator:
  serializedVersion: 3
  m_ObjectHideFlags: 1
  m_PrefabParentObject: {fileID: 0}
  m_PrefabInternal: {fileID: 100100000}
  m_GameObject: {fileID: 1734156300897570}
  m_Enabled: 1
  m_Avatar: {fileID: 9000000, guid: 392bf13e7d5bdd84c84414e12930dc89, type: 3}
  m_Controller: {fileID: 9100000, guid: 47a5be06e01ca1e4db7ff5076d37e4c6, type: 2}
  m_CullingMode: 1
  m_UpdateMode: 0
  m_ApplyRootMotion: 0
  m_LinearVelocityBlending: 0
  m_WarningMessage: 
  m_HasTransformHierarchy: 1
  m_AllowConstantClipSamplingOptimization: 1
--- !u!114 &114116116605356280
MonoBehaviour:
  m_ObjectHideFlags: 1
  m_PrefabParentObject: {fileID: 0}
  m_PrefabInternal: {fileID: 100100000}
  m_GameObject: {fileID: 1734156300897570}
  m_Enabled: 1
  m_EditorHideFlags: 0
  m_Script: {fileID: 11500000, guid: 0e136592cce8460459859f248ef86c31, type: 3}
  m_Name: 
  m_EditorClassIdentifier: 
  currentBrain: 0
  targetMask:
    serializedVersion: 2
    m_Bits: 1024
  rotateSpeed: 180
  moveSpeed: 2
  maxMoveSpeed: 3
  slowDownSpeed: 2
  touchDamage: 1
  slimeExplodePrefab: {fileID: 1940038318018164, guid: 990586b6abf5f914c80668fecb08ab8b,
    type: 2}
  anim: {fileID: 95811362518939646}
--- !u!114 &114601661079092828
MonoBehaviour:
  m_ObjectHideFlags: 1
  m_PrefabParentObject: {fileID: 0}
  m_PrefabInternal: {fileID: 100100000}
  m_GameObject: {fileID: 1734156300897570}
  m_Enabled: 1
  m_EditorHideFlags: 0
  m_Script: {fileID: 11500000, guid: 83f7ea18f81af4b40a0b7d0c40c98c7b, type: 3}
  m_Name: 
  m_EditorClassIdentifier: 
  maxHealth: 2
  damageSound: {fileID: 8300000, guid: ea4f8adfba67e0e4a9c43679aed06d96, type: 3}
  damageDelay: 0.05
  isPlayer: 0
  onHit:
    m_PersistentCalls:
      m_Calls:
      - m_Target: {fileID: 114116116605356280}
        m_MethodName: CreateParticleBurst
        m_Mode: 1
        m_Arguments:
          m_ObjectArgument: {fileID: 0}
          m_ObjectArgumentAssemblyTypeName: UnityEngine.Object, UnityEngine
          m_IntArgument: 0
          m_FloatArgument: 0
          m_StringArgument: 
          m_BoolArgument: 0
        m_CallState: 2
    m_TypeName: UnityEngine.Events.UnityEvent, UnityEngine.CoreModule, Version=0.0.0.0,
      Culture=neutral, PublicKeyToken=null
  onDie:
    m_PersistentCalls:
      m_Calls:
      - m_Target: {fileID: 114116116605356280}
        m_MethodName: CreateParticleBurst
        m_Mode: 1
        m_Arguments:
          m_ObjectArgument: {fileID: 0}
          m_ObjectArgumentAssemblyTypeName: UnityEngine.Object, UnityEngine
          m_IntArgument: 0
          m_FloatArgument: 0
          m_StringArgument: 
          m_BoolArgument: 0
        m_CallState: 2
      - m_Target: {fileID: 114116116605356280}
        m_MethodName: StandardDeath
        m_Mode: 1
        m_Arguments:
          m_ObjectArgument: {fileID: 0}
          m_ObjectArgumentAssemblyTypeName: UnityEngine.Object, UnityEngine
          m_IntArgument: 0
          m_FloatArgument: 0
          m_StringArgument: 
          m_BoolArgument: 0
        m_CallState: 2
    m_TypeName: UnityEngine.Events.UnityEvent, UnityEngine.CoreModule, Version=0.0.0.0,
      Culture=neutral, PublicKeyToken=null
  lastDamager: {fileID: 0}
  invincible: 0
  waterKills: 1
--- !u!114 &114873522780041480
MonoBehaviour:
  m_ObjectHideFlags: 1
  m_PrefabParentObject: {fileID: 0}
  m_PrefabInternal: {fileID: 100100000}
  m_GameObject: {fileID: 1539054196881284}
  m_Enabled: 1
  m_EditorHideFlags: 0
  m_Script: {fileID: 11500000, guid: 687f87bce4002144fadfe2ad58404e77, type: 3}
  m_Name: 
  m_EditorClassIdentifier: 
--- !u!136 &136910107638195876
CapsuleCollider:
  m_ObjectHideFlags: 1
  m_PrefabParentObject: {fileID: 0}
  m_PrefabInternal: {fileID: 100100000}
  m_GameObject: {fileID: 1734156300897570}
  m_Material: {fileID: 13400000, guid: 8a272c67465c16e49bbb848bc667a954, type: 2}
  m_IsTrigger: 0
  m_Enabled: 1
  m_Radius: 1
  m_Height: 4.5
  m_Direction: 2
  m_Center: {x: 0.04, y: 0.8, z: 1}
--- !u!137 &137147425916811566
SkinnedMeshRenderer:
  m_ObjectHideFlags: 1
  m_PrefabParentObject: {fileID: 0}
  m_PrefabInternal: {fileID: 100100000}
  m_GameObject: {fileID: 1246727245913558}
  m_Enabled: 1
  m_CastShadows: 1
  m_ReceiveShadows: 1
  m_DynamicOccludee: 1
  m_MotionVectors: 1
  m_LightProbeUsage: 1
  m_ReflectionProbeUsage: 1
  m_Materials:
  - {fileID: 2100000, guid: db7b15c1f5a25ed4283080baea677d19, type: 2}
  m_StaticBatchInfo:
    firstSubMesh: 0
    subMeshCount: 0
  m_StaticBatchRoot: {fileID: 0}
  m_ProbeAnchor: {fileID: 0}
  m_LightProbeVolumeOverride: {fileID: 0}
  m_ScaleInLightmap: 1
  m_PreserveUVs: 0
  m_IgnoreNormalsForChartDetection: 0
  m_ImportantGI: 0
  m_StitchLightmapSeams: 0
  m_SelectedEditorRenderState: 3
  m_MinimumChartSize: 4
  m_AutoUVMaxDistance: 0.5
  m_AutoUVMaxAngle: 89
  m_LightmapParameters: {fileID: 0}
  m_SortingLayerID: 0
  m_SortingLayer: 0
  m_SortingOrder: 0
  serializedVersion: 2
  m_Quality: 0
  m_UpdateWhenOffscreen: 0
  m_SkinnedMotionVectors: 1
  m_Mesh: {fileID: 4300000, guid: 392bf13e7d5bdd84c84414e12930dc89, type: 3}
  m_Bones:
  - {fileID: 4317466018734364}
  - {fileID: 4243792350249296}
  m_BlendShapeWeights: []
  m_RootBone: {fileID: 4317466018734364}
  m_AABB:
    m_Center: {x: -1.8107448, y: 0, z: 0.20625025}
    m_Extent: {x: 2.1107452, y: 1.2999998, z: 1.2062504}
  m_DirtyAABB: 0
--- !u!259 &259977498734320888
LightProbeProxyVolume:
  m_ObjectHideFlags: 1
  m_PrefabParentObject: {fileID: 0}
  m_PrefabInternal: {fileID: 100100000}
  m_GameObject: {fileID: 1246727245913558}
  m_Enabled: 1
  m_BoundingBoxMode: 0
  m_ResolutionX: 2
  m_ResolutionY: 2
  m_ResolutionZ: 2
  m_ResolutionProbesPerUnit: 0.25
  m_BoundingBoxSize: {x: Infinity, y: Infinity, z: Infinity}
  m_BoundingBoxOrigin: {x: 0, y: 0, z: 0}
  m_ResolutionMode: 0
  m_ProbePositionMode: 0
  m_RefreshMode: 0
